<?xml version="1.0" encoding="UTF-8"?>
<record xmlns="http://www.loc.gov/MARC21/slim">
   <leader>01163cam a22002655  4500</leader>
   <controlfield tag="001">2834178</controlfield>
   <controlfield tag="003">NjP</controlfield>
   <controlfield tag="005">20171019170252.0</controlfield>
   <controlfield tag="008">991129s1965    iq            000 0 ara d</controlfield>
   <datafield tag="024" ind1="7" ind2=" ">
      <subfield code="a">princeton_aco004790</subfield>
      <subfield code="2">local</subfield>
   </datafield>
   <datafield ind1=" " ind2=" " tag="035">
      <subfield code="a">(OCoLC)ocm42893127</subfield>
   </datafield>
   <datafield ind1=" " ind2=" " tag="035">
      <subfield code="9">CNR6526TS</subfield>
   </datafield>
   <datafield ind1=" " ind2=" " tag="040">
      <subfield code="a">PUL</subfield>
      <subfield code="c">PUL</subfield>
   </datafield>
   <datafield ind1="1" ind2=" " tag="100">
      <subfield code="a">Safar, Fuʾād.</subfield>
   </datafield>
   <datafield ind1="1" ind2="0" tag="245">
      <subfield code="a">Ṣiyānat al-abniyah al-atharīyah fī al-ʻIrāq.</subfield>
      <subfield code="c">Bi-qalam Fuʾad Safar wa-Ṣādiq al-Ḥasanī.</subfield>
   </datafield>
   <datafield ind1="0" ind2="4" tag="246">
      <subfield code="a">Preservation of ancient monuments in Iraq</subfield>
   </datafield>
   <datafield ind1=" " ind2=" " tag="260">
      <subfield code="a">Bagdad,</subfield>
      <subfield code="b">Dār al-Jumhūrīyah,</subfield>
      <subfield code="c">1965.</subfield>
   </datafield>
   <datafield ind1=" " ind2=" " tag="300">
      <subfield code="a">37 p.</subfield>
      <subfield code="b">illus.</subfield>
      <subfield code="c">24 cm.</subfield>
   </datafield>
   <datafield ind1=" " ind2=" " tag="546">
      <subfield code="a">In Arabic.</subfield>
   </datafield>
   <datafield ind1=" " ind2=" " tag="500">
      <subfield code="a">At head of title: al-Jumhūrīyah al-ʻIrāqīyah. Wizārat al-Thaqāfah wa-al-Irshād. Mudīrīyat al-Āthār al-ʻAmmah.</subfield>
   </datafield>
   <datafield ind1=" " ind2="0" tag="650">
      <subfield code="a">Architecture</subfield>
      <subfield code="z">Iraq</subfield>
      <subfield code="x">Conservation and restoration.</subfield>
   </datafield>
   <datafield ind1=" " ind2="0" tag="651">
      <subfield code="a">Iraq</subfield>
      <subfield code="x">Antiquities.</subfield>
      <subfield code="0">http://id.loc.gov/authorities/subjects/sh85067936</subfield>
   </datafield>
   <datafield ind1="1" ind2=" " tag="700">
      <subfield code="a">Ḥaāsanī, Sādīq.</subfield>
   </datafield>
   <datafield ind1="1" ind2=" " tag="710">
      <subfield code="a">Iraq.</subfield>
      <subfield code="b">Mudīrīyat al-Āthār al-Qadīmah al-ʻĀmmah.</subfield>
      <subfield code="0">http://id.loc.gov/authorities/names/n50065562</subfield>
   </datafield>
   <datafield ind1=" " ind2=" " tag="945">
      <subfield code="a">F</subfield>
      <subfield code="b">1</subfield>
      <subfield code="c">2274.79473.386</subfield>
   </datafield>
   <datafield ind1=" " ind2=" " tag="911">
      <subfield code="a">20000220</subfield>
   </datafield>
   <datafield ind1="0" ind2="0" tag="852">
      <subfield code="0">3146620</subfield>
      <subfield code="b">rcppa</subfield>
      <subfield code="t">1</subfield>
      <subfield code="h">NA109.I72</subfield>
      <subfield code="i">S243 1965</subfield>
      <subfield code="x">tr fr nec</subfield>
   </datafield>
   <datafield ind1=" " ind2=" " tag="959">
      <subfield code="a">2009-07-01 15:03:13 -0500</subfield>
   </datafield>
</record>
